<record><leader>00000cas a22000007a 4500</leader><controlfield tag="001">24900392</controlfield><controlfield tag="008">911206d19821984ohuwr ne      0    0eng d</controlfield><datafield ind1=" " ind2=" " tag="010"><subfield code="a">sn 91075634 </subfield></datafield><datafield ind1=" " ind2=" " tag="040"><subfield code="a">ONP</subfield><subfield code="b">eng</subfield><subfield code="c">ONP</subfield><subfield code="d">OCLCQ</subfield></datafield><datafield ind1=" " ind2=" " tag="042"><subfield code="a">msc</subfield></datafield><datafield ind1="0" ind2="4" tag="245"><subfield code="a">The Grove City messenger.</subfield></datafield><datafield ind1="3" ind2="0" tag="246"><subfield code="a">Holiday messenger</subfield></datafield><datafield ind1=" " ind2=" " tag="260"><subfield code="a">Columbus, Oh. [Ohio] :</subfield><subfield code="b">Columbus Messenger Co.,</subfield><subfield code="c">1982-1984.</subfield></datafield><datafield ind1=" " ind2=" " tag="300"><subfield code="a">v.</subfield></datafield><datafield ind1=" " ind2=" " tag="310"><subfield code="a">Weekly</subfield></datafield><datafield ind1="0" ind2=" " tag="362"><subfield code="a">Vol. 1, no. 18 (Jan. 4, 1982)-v. 3, no. 20 (Jan. 16, 1984).</subfield></datafield><datafield ind1=" " ind2=" " tag="500"><subfield code="a">Published as: Holiday messenger, Dec. 28, 1983 and Jan. 2, 1984.</subfield></datafield><datafield ind1=" " ind2=" " tag="752"><subfield code="a">United States</subfield><subfield code="b">Ohio</subfield><subfield code="c">Franklin</subfield><subfield code="d">Columbus.</subfield></datafield><datafield ind1=" " ind2=" " tag="752"><subfield code="a">United States</subfield><subfield code="b">Ohio</subfield><subfield code="c">Franklin</subfield><subfield code="d">Grove City.</subfield></datafield><datafield ind1="0" ind2="0" tag="780"><subfield code="t">Grove City edition/ of the Columbus messenger</subfield><subfield code="w">(DLC)sn 91075638</subfield></datafield><datafield ind1="0" ind2="0" tag="785"><subfield code="t">Grove City southwest messenger</subfield><subfield code="w">(DLC)sn 86003184</subfield></datafield></record>